% This file was created with JabRef 2.10.
% Encoding: Cp1252


@Book{boylestad1999,
  Title                    = {Electronic Devices and Circuit Theory},
  Author                   = {Boylestad, R.L. and Nashelsky, L.},
  Publisher                = {Prentice Hall},
  Year                     = {1999},

  ISBN                     = {9780137692828},
  Lccn                     = {gb98067865},
  Url                      = {https://books.google.com.ph/books?id=TRBTAAAAMAAJ}
}

@Article{Einstein1905,
  Title                    = {{Zur Elektrodynamik bewegter K{\"o}rper}. ({German})
 [{On} the electrodynamics of moving bodies]},
  Author                   = {Albert Einstein},
  Journal                  = {Annalen der Physik},
  Year                     = {1905},
  Number                   = {10},
  Pages                    = {891--921},
  Volume                   = {322},

  Doi                      = {http://dx.doi.org/10.1002/andp.19053221004}
}

@Misc{IEEEMSW2013,
  Title                    = {Preparation of {P}apers for {IEEE} {T}rans. {J}. ({D}ecember 2013)},

  Author                   = {IEEE}
}

@Article{ISO800002,
  Title                    = {80000-2},
  Author                   = {{ISO}},
  Journal                  = {Quantities and units--Part 2: Mathematical signs and symbols to be used in the natural sciences and technology},
  Year                     = {2009}
}

@Article{Lumb2014,
  Title                    = {Laser-induced excitation and ionization of a confined hydrogen atom in an exponential-cosine-screened Coulomb potential},
  Author                   = {Lumb, Shalini and Lumb, Sonia and Prasad, Vinod},
  Journal                  = {Physical Review A},
  Year                     = {2014},
  Number                   = {3},
  Pages                    = {032505},
  Volume                   = {90},

  Publisher                = {APS}
}

@Book{Oetiker2014,
  Title                    = {The Not So Short Introduction to \LaTeX
e Or \LaTeXe in 157 minutes},
  Author                   = {Oetiker, Tobias and Partl, Hubert and Hyna, Irene and Schlegl, Elisabeth},
  Publisher                = {n.a.},
  Year                     = {2015}
}

@Book{pozar2009microwave,
  Title                    = {Microwave engineering},
  Author                   = {Pozar, David M},
  Publisher                = {John Wiley \& Sons},
  Year                     = {2009}
}

@Misc{Shell2015,
  Title                    = {How to use the {IEEE}tran {L}a{T}e{X} class. 2015},

  Author                   = {Shell, Michael}
}

@Book{Tanenbaum2002,
  Title                    = {Computer Networks},
  Author                   = {Tanenbaum, Andrew},
  Publisher                = {Prentice Hall Professional Technical Reference},
  Year                     = {2002},
  Edition                  = {4th},

  ISBN                     = {0130661023}
}

